@article{jordan-mkl-2004,
  title   = "Multiple kernel learning, conic duality, and the smo algorithm",
  author  = "F Bach and G Lanckriet and M Jordan",
  journal = "ACM International Conference Proceeding Series",
  volume  = "69",
  year    = 2004
}

@article{micchelli-convex-2005,
  title   = "Learning the Kernel Function via Regularization",
  author  = "C Micchelli and M Pontil",
  journal = "Journal of Machine Learning Research",
  volume  = "6",
  year    = 2005,
  pages   = "1099â€“1125"
}

@article{mosci-prox-2010,
  title   = "Solving Structured Sparsity Regularization with Proximal Methods",
  author  = "S Mosci and L Rosasco and M Santoro and A Verri and S Villa",
  journal = "Machine Learning and Knowledge Discovery in Databases",
  volume  = "II",
  month   = SEP,
  pages   = "418",
  year    = 2010
}

@techreport{rosasco-prox-2009,
  author      = {L Rosasco and S Mosci and M Santoro and A Verri and S Villa},
  title       = {Iterative Projection Methods for Structured Sparsity Regularization},
  institution = {MIT},
  year        = 2009,
  type        = {Technical Report},
  source      = {\url{https://dspace.mit.edu/bitstream/handle/1721.1/49428/MIT-CSAIL-TR-2009-050.pdf}}
}
